2024-01-01 * Grocery Store
    Expenses:Food            $100.00
    Assets:Checking         -$100.00

2024-01-05 * Grocery Store
    Expenses:Food            $150.00
    Assets:Checking         -$150.00

2024-01-10 * Grocery Store
    Expenses:Food            $75.00
    Expenses:Household       $25.00
    Assets:Checking         -$100.00

2024-01-15 * Grocery Store
    Expenses:Food            $200.00
    Assets:Checking         -$200.00

2024-01-20 Grocery Store
 Expenses:Food                                    $200.00
 Assets:Checking                                  -$200.00
